@ARTICLE{VillaverdeKrueger:2007,
  AUTHOR = {Jes\'{u}s {Fern\'{a}ndez-Villaverde} and Dirk Krueger},
  TITLE = {Consumption over the Life Cycle: Facts from Consumer Expenditure Survey Data},
  JOURNAL = {Review of Economics and Statistics},
  YEAR = {2007},
  volume = {89},
  number = {3},
  pages = {552-565},
  month = {August},
}
